<?xml version="1.0" encoding="UTF-8"?><record xmlns="http://www.loc.gov/MARC21/slim" xmlns:cinclude="http://apache.org/cocoon/include/1.0" xmlns:zs="http://www.loc.gov/zing/srw/">
  <leader>00527nz  a2200145n  4500</leader>
  <controlfield tag="001">nb2007021188</controlfield>
  <controlfield tag="003">DLC</controlfield>
  <controlfield tag="005">20070917083256.0</controlfield>
  <controlfield tag="008">070914n| acannaabn          |n ana      </controlfield>
  <datafield tag="010" ind1=" " ind2=" ">
    <subfield code="a">nb2007021188</subfield>
  </datafield>
  <datafield tag="035" ind1=" " ind2=" ">
    <subfield code="a">(Uk)006908020</subfield>
  </datafield>
  <datafield tag="040" ind1=" " ind2=" ">
    <subfield code="a">Uk</subfield>
    <subfield code="b">eng</subfield>
    <subfield code="c">Uk</subfield>
  </datafield>
  <datafield tag="110" ind1="2" ind2=" ">
    <subfield code="a">Decoration Empire (Firm)</subfield>
  </datafield>
  <datafield tag="670" ind1=" " ind2=" ">
    <subfield code="a">Past in present, c2007:</subfield>
    <subfield code="b">t.p. (Decoration Empire)</subfield>
  </datafield>
  <datafield tag="670" ind1=" " ind2=" ">
    <subfield code="a">Decoration Empire www site, 14 Sept. 2007</subfield>
    <subfield code="b">(Decoration Empire, interior design agency, under the leadership of Anne Noordam and Thong Lei, based in Gouda, Netherlands)</subfield>
  </datafield>
</record>